@Article{FAVHM,
title = {Forest Automata for Verification of Heap Manipulation},
author = {Peter Habermehl, Lukas Holik, Adam Rogalewic, Jiri Simacek, Tomas Vojnar},
journal = {G. Gopalakrishnan and S. Qadeer (Eds.): CAV 2011, LNCS 6806},
year = {2011},
volume ={6806},
pages = {224-240}
}

@Article{ARTMCCDDS,
title = {Abstract Regular Tree Model Checking of Complex Dynamic Data Structures},
author = {Ahmed Bouajjani, Peter Habermehl, Adam Rogalewicz, Tomas Vojnar}
}
